<record><leader>00000cas a22000007a 4500</leader><controlfield tag="001">16959235</controlfield><controlfield tag="008">871110d18811929ohuwr ne      0    0eng d</controlfield><datafield ind1=" " ind2=" " tag="010"><subfield code="a">sn 87076835 </subfield></datafield><datafield ind1=" " ind2=" " tag="040"><subfield code="a">ONP</subfield><subfield code="b">eng</subfield><subfield code="c">ONP</subfield><subfield code="d">OCLCQ</subfield></datafield><datafield ind1=" " ind2=" " tag="042"><subfield code="a">msc</subfield></datafield><datafield ind1="0" ind2=" " tag="130"><subfield code="a">Wood County Democrat (Bowling Green, Ohio)</subfield></datafield><datafield ind1="1" ind2="4" tag="245"><subfield code="a">The Wood County Democrat.</subfield></datafield><datafield ind1=" " ind2=" " tag="260"><subfield code="a">Bowling Green, Ohio :</subfield><subfield code="b">H.S. Chapin</subfield></datafield><datafield ind1=" " ind2=" " tag="310"><subfield code="a">Weekly</subfield></datafield><datafield ind1="1" ind2=" " tag="362"><subfield code="a">Began with June 3, 1881 issue; ceased with Dec. 27, 1929 issue.</subfield></datafield><datafield ind1=" " ind2=" " tag="588"><subfield code="a">Description based on: Vol. 52, no. 13 (Mar. 30, 1928).</subfield></datafield><datafield ind1=" " ind2=" " tag="752"><subfield code="a">United States</subfield><subfield code="b">Ohio</subfield><subfield code="c">Wood</subfield><subfield code="d">Bowling Green.</subfield></datafield><datafield ind1="0" ind2="0" tag="780"><subfield code="t">Bowling Green Democrat (Bowling Green, Ohio)</subfield></datafield><datafield ind1="0" ind2="0" tag="785"><subfield code="t">Wood County news (Bowling Green, Ohio)</subfield><subfield code="w">(DLC)sn 87076836</subfield></datafield></record>